<?xml version="1.0" encoding="UTF-8"?><collection xmlns="http://www.loc.gov/MARC21/slim"><record><leader>00570nam--2200193-i-4500</leader><controlfield tag="001">000005552</controlfield><controlfield tag="002">20161230</controlfield><controlfield tag="005">20161230201026</controlfield><controlfield tag="008">060222s1000------------r-----000-0-rus-d</controlfield><datafield ind1=" " ind2=" " tag="040"><subfield code="a">IFIN-HH</subfield></datafield><datafield ind1=" " ind2=" " tag="041"><subfield code="a">rus</subfield></datafield><datafield ind1=" " ind2=" " tag="080"><subfield code="a">537.531</subfield></datafield><datafield ind1="1" ind2=" " tag="100"><subfield code="a">Wait, James R</subfield></datafield><datafield ind1="1" ind2="0" tag="245"><subfield code="a">Elektromagnitnoe izlucenie iz tilindriceskih sistem</subfield><subfield code="c">James r. wait</subfield></datafield><datafield ind1=" " ind2=" " tag="260"><subfield code="a">Moskva</subfield><subfield code="b">Soverskoe Radio</subfield><subfield code="c">1963</subfield></datafield><datafield ind1=" " ind2=" " tag="300"><subfield code="a">239P</subfield></datafield><datafield ind1=" " ind2=" " tag="500"><subfield code="a">Totlul Original In Limba Engleza: Electromagnetic Radiation From Cylindrical Structures</subfield></datafield><datafield ind1=" " ind2=" " tag="852"><subfield code="a">76121</subfield><subfield code="c">537.531</subfield></datafield><datafield ind1=" " ind2=" " tag="CAT"><subfield code="a">Sys</subfield><subfield code="c">20110810</subfield><subfield code="h">142137</subfield></datafield></record></collection>